<?xml version="1.0" encoding="UTF-8"?><collection xmlns="http://www.loc.gov/MARC21/slim"><record><leader>00362nam--2200121-i-4500</leader><controlfield tag="001">000022484</controlfield><controlfield tag="002">20161230</controlfield><controlfield tag="005">20161230201034</controlfield><controlfield tag="008">060222s1000------------r-----000-0-eng-d</controlfield><datafield ind1=" " ind2=" " tag="100"><subfield code="a">Heyrivsky, Jaroslav</subfield></datafield><datafield ind1=" " ind2=" " tag="245"><subfield code="a">Bibliography of publications dealing with the polarographic method in 1963</subfield></datafield><datafield ind1=" " ind2=" " tag="260"><subfield code="a">Praha, Ceskoslovenske Akademie Ved, 1963, 96 P</subfield></datafield><datafield ind1=" " ind2=" " tag="852"><subfield code="a">D.1098</subfield></datafield></record></collection>